<?xml version="1.0" encoding="UTF-8"?><collection xmlns="http://www.loc.gov/MARC21/slim"><record><leader>00395nam--2200145-i-4500</leader><controlfield tag="001">000027115</controlfield><controlfield tag="002">20161230</controlfield><controlfield tag="005">20161230201036</controlfield><controlfield tag="008">060222s1000------------r-----000-0-eng-d</controlfield><datafield ind1=" " ind2=" " tag="080"><subfield code="a">51-7:519.6:519.72</subfield></datafield><datafield ind1=" " ind2=" " tag="100"><subfield code="a">Kochen, Manfred</subfield></datafield><datafield ind1=" " ind2=" " tag="245"><subfield code="a">Principles of information retrieval</subfield></datafield><datafield ind1=" " ind2=" " tag="260"><subfield code="a">Los Angeles, Melville Publ.Co., 1974, Xx + 203p</subfield></datafield><datafield ind1=" " ind2=" " tag="852"><subfield code="a">42964</subfield><subfield code="c">51</subfield></datafield><datafield ind1=" " ind2=" " tag="CAT"><subfield code="a">Sys</subfield><subfield code="c">20080410</subfield><subfield code="h">114334</subfield></datafield></record></collection>